<record><leader>00000cas a2200000 a 4500</leader><controlfield tag="001">12207906</controlfield><controlfield tag="008">850627d19761979ksuwr ne      0    0eng d</controlfield><datafield ind1=" " ind2=" " tag="010"><subfield code="a">sn 85029404 </subfield></datafield><datafield ind1=" " ind2=" " tag="040"><subfield code="a">KSH</subfield><subfield code="b">eng</subfield><subfield code="c">KSH</subfield><subfield code="d">NPT</subfield><subfield code="d">OCL</subfield><subfield code="d">OCLCQ</subfield></datafield><datafield ind1=" " ind2=" " tag="042"><subfield code="a">msc</subfield></datafield><datafield ind1="0" ind2="4" tag="245"><subfield code="a">The 'Brook times.</subfield></datafield><datafield ind1=" " ind2=" " tag="260"><subfield code="a">Overbrook, Kan. :</subfield><subfield code="b">Bruce Smith,</subfield><subfield code="c">-1979.</subfield></datafield><datafield ind1=" " ind2=" " tag="300"><subfield code="a">v. :</subfield><subfield code="b">ill. ;</subfield><subfield code="c">39 cm.</subfield></datafield><datafield ind1=" " ind2=" " tag="310"><subfield code="a">Weekly</subfield></datafield><datafield ind1="0" ind2=" " tag="362"><subfield code="a">-v. 4, issue 7 (Mar. 15, 1979).</subfield></datafield><datafield ind1="1" ind2=" " tag="362"><subfield code="a">Began in Jan. 1976?</subfield></datafield><datafield ind1=" " ind2=" " tag="588"><subfield code="a">Description based on: Vol. 3, issue 30 (Aug. 24, 1978).</subfield></datafield><datafield ind1=" " ind2=" " tag="752"><subfield code="a">United States</subfield><subfield code="b">Kansas</subfield><subfield code="c">Osage</subfield><subfield code="d">Overbrook.</subfield></datafield><datafield ind1="0" ind2="7" tag="785"><subfield code="t">Tele-news (Overbrook, Kan.)</subfield><subfield code="w">(DLC)sn 85029402</subfield></datafield><datafield ind1="0" ind2="7" tag="785"><subfield code="t">Citizen-times (Overbrook, Kan.)</subfield><subfield code="w">(DLC)sn 85029400</subfield></datafield><datafield ind1="1" ind2=" " tag="029"><subfield code="a">AU@</subfield><subfield code="b">000020383152</subfield></datafield></record>